@manual{sample,
  author = {TU Dortmund},
  title = {Versuch zum Literaturverzeichnis},
  year = 2014
}
@book{taschenbuch_physik,
  author = {Horst Kuschling},
  title = {Taschenbuch der Physik},
  year = 1978,
  publisher = {Verlag Harri Deutsch}
}
@Misc{tool,
title = {The Engineering ToolBox},
note = {Eingesehen am 19.01.2020},
url={https://www.engineeringtoolbox.com/thermal-conductivity-d_429.html},
}
@website{x_ray_database,
title={NIST},
note={Eingesehen am 01.05.2020},
url={https://physics.nist.gov/PhysRefData/XrayTrans/Html/search.html},
}
@website{compton_wavelenght,
title={NIST},
note={Eingesehen am 04.05.2020},
url={https://physics.nist.gov/cgi-bin/cuu/Value?ecomwl},
}
@website{x_ray_absorption,
title={Skuld},
note={Eingesehen am 10.05.2020},
url={http://skuld.bmsc.washington.edu/scatter/AS_periodic.html}
}

@website{JLab,
title={JLab},
note={Eingesehen am 02.06.2020},
url={https://education.jlab.org/itselemental/}
}

@website{spez_elektroncharge,
title={NIST},
note={Eingesehen am 29.06.2020},
url={https://physics.nist.gov/cgi-bin/cuu/Value?esme},
}

@website{mag_DO,
title={GFZ},
note={Eingesehen am 29.06.2020},
url={http://isdc.gfz-potsdam.de/igrf-declination-calculator/},
}

@book{Laserspektroskopie_1,
  author = {Wolfgang Demtröder},
  title = {Laserspektroskopie 1},
  year = 2011,
  publisher = {Springer},
  edition = {6}
}
@book{Laser,
  author = {Hans Joachim Eichler},
  title = {Laser},
  year = 2015,
  publisher = {Springer Vieweg},
  edition = {8}
}
@paper{Dipolrelaxation,
  author = {R.Muccillo, J.Rolfe},
  title = {Irradiation of Impurity-Vacany Dipoles},
  year = 1974,
}
@book{Elementarteilchenphysik,
  author = {Christoph Berger},
  title = {Elementarteilchenphysik},
  year = 2014,
  publisher = {Springer Spektrum},
  edition = {3}
}
@article{Dipol,
  author = {R. Mucillo und J. Rolfe.},
  title = {Effect of Irradiation on Impurity–Vacancy Dipoles in KBr
  Crystals Doped with Strontium“},
  journal = "physica status solidi (b)",
  number = "2",
  volume = "61",
  year = "1974",
  url = {https://onlinelibrary.wiley.com/journal/15213951},
  doi = {https://onlinelibrary.wiley.com/doi/10.1002/pssb.2220610223}
}
@article{energieniveaus,
  author = {Chance J. Haycock, Fernando H. Jabaloyes, and Joe R. Gibbs},
  title = {Hyperfine Energy Levels of 85 Rb and 87 Rb},
  url={https://chancehaycock.co.uk/wp-content/uploads/2019/09/Hyperfine_Energy_Levels_of_Rb_85_Rb_87-FINAL_FINAL.pdf}
}

@manual{pumpen_caltech,
  author = {Eric D. Black},
  title = {Optical Pumping},
  year = 2004
}
@manual{V21,
  author = {TU Dortmund},
  title = {Optisches Pumpen},
  year = 2022
}
