
@manual{V61, 
    author = "TU Dortmund",
    title = "Versuchsanleitung zu Versuch Nr. 61 He-Ne-Laser",
    year = 2020,
}
@manual{V48, 
    author = "TU Dortmund",
    title = "Versuchsanleitung zu Versuch Nr. 48 Dipolrelaxation",
    year = 2020,
}
@manual{V53, 
    author = "TU Dortmund",
    title = "Versuchsanleitung zu Versuch Nr. 53 Mikrowellen",
    year = 2020,
}
@manual{V1, 
    author = "TU Dortmund",
    title = "Versuchsanleitung zu Versuch Nr. 1 Kosmische Myonen",
    year = 2020,
}
@manual{Mikrowellen, 
    author = "Philips",
    title = "Experimente mit Mikrowellen 1",
}

@manual{V21, 
    author = "TU Dortmund",
    title = "Versuchsanleitung zu Versuch Nr. 21 Optisches Pumpen",
}


@manual{V46, 
    author = "TU Dortmund",
    title = "Versuchsanleitung zu Versuch Nr. 46 Der Faraday Effekt",
}

@manual{V47, 
    author = "TU Dortmund",
    title = "Manual for  V47 Molwaerme",
}
@manual{V64, 
    author = "TU Dortmund",
    title = "Versuchsanleitung zu Versuch Nr. 64 Interferometrie",
}
@manual{V51, 
    author = "TU Dortmund",
    title = "Versuchsanleitung zu Versuch Nr. 51 Schaltungen mit Operationsverst√§rkern",
}